<record><leader>00000cas a22000007a 4500</leader><controlfield tag="001">20450137</controlfield><controlfield tag="008">891006d18741902mauwr ne      0    0eng d</controlfield><datafield ind1=" " ind2=" " tag="010"><subfield code="a">sn 89062207 </subfield></datafield><datafield ind1=" " ind2=" " tag="040"><subfield code="a">MGN</subfield><subfield code="b">eng</subfield><subfield code="c">MGN</subfield><subfield code="d">OCLCQ</subfield></datafield><datafield ind1=" " ind2=" " tag="042"><subfield code="a">msc</subfield></datafield><datafield ind1="0" ind2=" " tag="130"><subfield code="a">Georgetown advocate (Georgetown, Mass.)</subfield></datafield><datafield ind1="1" ind2="4" tag="245"><subfield code="a">The Georgetown advocate.</subfield></datafield><datafield ind1=" " ind2=" " tag="260"><subfield code="a">Georgetown, Mass. :</subfield><subfield code="b">Wm. B. Hammond</subfield></datafield><datafield ind1=" " ind2=" " tag="300"><subfield code="a">v.</subfield></datafield><datafield ind1=" " ind2=" " tag="310"><subfield code="a">Weekly</subfield></datafield><datafield ind1="0" ind2=" " tag="362"><subfield code="a">Vol. 1, no. 1 (Sept. 23, 1874)-v. 28, no. 20 (Feb. 7, 1902).</subfield></datafield><datafield ind1=" " ind2=" " tag="752"><subfield code="a">United States</subfield><subfield code="b">Massachusetts</subfield><subfield code="c">Essex</subfield><subfield code="d">Georgetown.</subfield></datafield><datafield ind1="0" ind2="5" tag="780"><subfield code="t">Byfield Parish bulletin</subfield><subfield code="w">(DLC)sn 86071191</subfield></datafield></record>